@article{Amakasu2006,
  author = {Amakasu, Kazuo and Furusawa, Michio},
  title = {The target strength of Antarctic krill ({\emph{Euphausia superba}}) measured by the split-beam method in a small tank at 70 kHz},
  journal = {ICES Journal of Marine Science},
  volume = {63},
  pages = {36-45},
  year = {2006},
  url = {https://doi.org/10.1016/j.icesjms.2005.07.012}
}

@article{Amakasu2017,
  author = {Amakasu, Kazuo and Mukai, Tadashi and Moteki, Masato},
  title = {Measurement of the volume-backscattering spectrum from an aggregation of Antarctic krill and inference of their length-frequency distribution},
  journal = {Polar Science},
  volume = {12},
  pages = {79-87},
  year = {2017},
  url = {https://doi.org/10.1016/j.polar.2017.02.007}
}

@article{Andersen2021,
  title={Quantitative processing of broadband data as implemented in a scientific splitbeam echosounder},
  author={Andersen, L. N. and Chu, D. and Heimvoll, H. and Korneliussen, R. and Macaulay, G. J. and Ona, E.},
  journal={arXiv preprint arXiv:2104.07248},
  year={2021},
  url={https://doi.org/10.1121/10.0002943},
}

@article{Anderson2007,
  title={Classifying multi-frequency fisheries acoustic data using a robust probabilistic classification technique},
  author={Anderson, C. I. H. and Horne, J. K. and Boyle, J.},
  journal={The Journal of the Acoustical Society of America},
  volume={121},
  number={6},
  pages={EL230--EL237},
  year={2007},
  url={https://doi.org/10.1121/1.2731016},
}

@article{Appenzeller1992,
  title={Bias in hydroacoustic estimates of fish abundance due to acoustic shadowing: evidence from day--night surveys of vertically migrating fish},
  author={Appenzeller, A. R. and Leggett, W. C.},
  journal={Canadian Journal of Fisheries and Aquatic Sciences},
  volume={49},
  number={10},
  pages={2179--2189},
  year={1992},
  url={https://doi.org/10.1139/f92-240},
}

@article{Au2003,
  author = {Au, Whitlow W. and Benoit-Bird, Kelly J.},
  title = {Acoustic backscattering by Hawaiian lutjanid snappers. II. Broadband temporal and spectral structure},
  journal = {The Journal of the Acoustical Society of America},
  volume = {114},
  number = {5},
  pages = {2767-2774},
  year = {2003},
  url = {https://doi.org/10.1121/1.1614257},
}


@article{Bandara2022,
  title={Mid-summer vertical behavior of a high-latitude oceanic zooplankton community},
  author={Bandara, K. and Basedow, S. L. and Pedersen, G. and Tverberg, V.},
  journal={Journal of Marine Systems},
  volume={230},
  pages={103733},
  year={2022},
  url={https://doi.org/10.1016/j.jmarsys.2022.103733},
}

@article{Barham1966,
  title={Deep scattering layer migration and composition: observations from a diving saucer},
  author={Barham, E. G.},
  journal={Science},
  volume={151},
  number={3716},
  pages={1399--1403},
  year={1966},
  url={https://doi.org/10.1126/science.151.3716.1399},
}

@article{Basedow2006,
  title={Spatial patterns of surface blooms and recruitment dynamics of Calanus finmarchicus in the NE Norwegian Sea},
  author={Basedow, S. L. and Edvardsen, A. and Tande, K. S.},
  journal={Journal of plankton research},
  volume={28},
  number={12},
  pages={1181--1190},
  year={2006},
  publisher={Oxford University Press England},
  url={https://doi.org/10.1093/plankt/fbl048}
}

@article{Basedow2019,
  author = {Basedow, S.L. and McKee, D. and Lefering, I. and Gislason, A. and Daase, M. and Trudnowska, E. and Egeland, E.S. and Choquet, M. and Falk-Petersen, S.},
  title = {Remote sensing of zooplankton swarms},
  journal = {Scientific Reports},
  volume = {9},
  number = {1},
  pages = {1-10},
  year = {2019},
  url = {https://doi.org/10.1038/s41598-018-37129-x}
}

@article{Bassett2018,
  title={Broadband echosounder measurements of the frequency response of fishes and euphausiids in the Gulf of Alaska},
  author={Bassett, C. and De Robertis, A. and Wilson, C. D},
  journal={ICES Journal of Marine Science},
  volume={75},
  number={3},
  pages={1131--1142},
  year={2018},
  publisher={Oxford University Press},
  url = {https://doi.org/10.1093/icesjms/fsx204}
}

@article{Bassett2019,
  author = {Bassett, C. and Lavery, A.C. and Stanton, T.K.},
  title = {Broadband measurements of the acoustic target strength of mesopelagic fishes},
  journal = {The Journal of the Acoustical Society of America},
  volume = {146},
  number = {4},
  pages = {2772-2772},
  year = {2019},
  url = {https://doi.org/10.1121/1.5136601}
}

@article{Battaglia2006,
  author = {Battaglia, A. and Trenkel, V.M. and Rochet, M.J.},
  title = {Estimating end effects in trawl catches},
  journal = {ICES Journal of Marine Science},
  volume = {63},
  number = {5},
  pages = {956-959},
  year = {2006},
  url = {https://doi.org/10.1016/j.icesjms.2006.03.002}
}

@article{Bellec2008,
  author = {Bellec, V. and Wilson, M. and Bøe, R. and Rise, L. and Thorsnes, T. and Buhl-Mortensen, L. and Buhl-Mortensen, P.},
  title = {Bottom currents interpreted from iceberg ploughmarks revealed by multibeam data at Tromsøflaket, Barents Sea},
  journal = {Marine Geology},
  volume = {249},
  number = {3-4},
  pages = {257-270},
  year = {2008},
  url = {https://doi.org/10.1016/j.margeo.2007.11.009}
}

@article{Bennett2000,
  title={Support vector machines: hype or hallelujah?},
  author={Bennett, Kristin P and Campbell, Colin},
  journal={ACM SIGKDD explorations newsletter},
  volume={2},
  number={2},
  pages={1--13},
  year={2000},
  publisher={Acm New York, NY, USA},
  url = {https://doi.org/10.1145/380995.380999}
}

@article{BenoitBird2020,
  author = {Benoit-Bird, K.J. and Waluk, C.M.},
  title = {Exploring the promise of broadband fisheries echosounders for species discrimination with quantitative assessment of data processing effects},
  journal = {The Journal of the Acoustical Society of America},
  volume = {147},
  number = {1},
  pages = {411-427},
  year = {2020},
  url = {https://doi.org/10.1121/10.0000594}
}

@article{BenoitBird2009,
  author = {Benoit-Bird, K.J.},
  title = {The effects of scattering-layer composition, animal size, and numerical density on the frequency response of volume backscatter},
  journal = {ICES Journal of Marine Science},
  volume = {66},
  number = {3},
  pages = {582-593},
  year = {2009},
  url = {https://doi.org/10.1093/icesjms/fsp013}
}

@article{Berenboim2000,
  author = {Berenboim, Boris I. and Dolgov, Andrey V. and Korzhev, Valery A. and Yaragina, Natalia A.},
  title = {The impact of cod on the dynamics of Barents Sea shrimp ({Pandalus borealis}) as determined by multispecies models},
  journal = {Journal of Northwest Atlantic Fishery Science},
  volume = {27},
  pages = {69-75},
  year = {2000},
  url = {https://doi.org/10.2960/J.v27.a6},
}


@article{Berge2020,
  author = {Berge, J. and Geoffroy, M. and Daase, M. and Cottier, F. and Priou, P. and Cohen, J.H. and Johnsen, G. and McKee, D. and Kostakis, I. and Renaud, P.E. and Vogedes, D.},
  title = {Artificial light during the polar night disrupts Arctic fish and zooplankton behaviour down to 200 m depth},
  journal = {Communications Biology},
  volume = {3},
  number = {1},
  pages = {1-8},
  year = {2020},
  url = {https://doi.org/10.1038/s42003-020-0807-6}
}

@article{Beyan2020,
  author = {Beyan, Cemal and Browman, Howard I.},
  title = {Setting the stage for the machine intelligence era in marine science},
  journal = {ICES Journal of Marine Science},
  volume = {77},
  number = {4},
  pages = {1267-1273},
  year = {2020},
  url = {https://doi.org/10.1093/icesjms/fsaa084}
}

@phdthesis{Blackwell2020,
  author = {Blackwell, Roger},
  title = {Real-time reporting of marine ecosystem metrics from active acoustic sensors},
  school = {University of East Anglia},
  year = {2020},
  url = {https://ueaeprints.uea.ac.uk/id/eprint/79527}
}

@article{Blanluet2019,
  title={Characterisation of sound scattering layers in the Bay of Biscay using broadband acoustics, nets and video},
  author={Blanluet, A. and Doray, M. and Berger, L. and Romagnan, J.B. and Le Bouffant, N. and Lehuta, S. and Petitgas, P.},
  journal={PloS one},
  volume={14},
  number={10},
  pages={e0223618},
  year={2019},
  url={https://doi.org/10.1371/journal.pone.0223618}
}

@article{Branch1999,
  title={A subspace, interior, and conjugate gradient method for large-scale bound-constrained minimisation problems},
  author={Branch, M. A. and Coleman, T. F. and Li, Y.},
  journal={SIAM Journal on Scientific Computing},
  volume={21},
  number={1},
  pages={1--23},
  year={1999},
  url={https://doi.org/10.1137/s1064827595289108}
}

@article{Brautaset2020,
  author = {Brautaset, Ole and Waldeland, Anders U. and Johnsen, Espen and Malde, Ketil and Eikvil, Line and Salberg, Arnt and Handegard, Nils O.},
  title = {Acoustic classification in multifrequency echosounder data using deep convolutional neural networks},
  journal = {ICES Journal of Marine Science},
  volume = {77},
  pages = {1391-1400},
  year = {2020},
  url = {https://doi.org/10.1093/icesjms/fsz235}
}

@article{Breiman2001,
  author = {Breiman, Leo},
  title = {Random Forests},
  journal = {Machine Learning},
  volume = {45},
  pages = {5-32},
  year = {2001},
  url = {https://doi.org/10.1023/a:1010933404324}
}

@article{Brierley2004,
  author = {Brierley, Andrew S. and Axelsen, Bjørn E. and Boyer, David C. and Lynam, Christopher P. and Didcock, Chris A. and Boyer, Hayley J. and Sparks, Colin A.},
  title = {Single-target echo detections of jellyfish},
  journal = {ICES Journal of Marine Science},
  volume = {61},
  pages = {383-393},
  year = {2004},
  url = {https://doi.org/10.1016/j.icesjms.2003.12.008}
}

@article{Brierley2001,
  title={Acoustic observations of jellyfish in the Namibian Benguela},
  author={Brierley, Andrew S and Axelsen, Bj{\o}rn Erik and Buecher, Emmanuelle and Sparks, Conrad AJ and Boyer, Helen and Gibbons, Mark J},
  journal={Marine Ecology Progress Series},
  volume={210},
  pages={55--66},
  year={2001},
  url={http://dx.doi.org/10.3354/meps210055}
}

@article{Brinton1967,
  title={Vertical migration and avoidance capability of euphausiids in the California Current},
  author={Brinton, E.},
  journal={Limnology and Oceanography},
  volume={12},
  number={3},
  pages={451--483},
  year={1967},
  url={https://doi.org/10.4319/lo.1967.12.3.0451}
}

@article{BrisenoAvena2015,
  author = {Briseño-Avena, Christian and Roberts, Paul L. and Franks, Peter J. and Jaffe, Jules S.},
  title = {ZOOPS-O2: A broadband echosounder with coordinated stereo optical imaging for observing plankton in situ},
  journal = {Methods in Oceanography},
  volume = {12},
  pages = {36-54},
  year = {2015},
  url = {https://doi.org/10.1016/j.mio.2015.07.001},
}


@article{Cabreira2009,
  author = {Cabreira, André G. and Tripode, Mafalda and Madirolas, Adrián},
  title = {Artificial Neural Networks for Fish-Species Identification},
  journal = {ICES Journal of Marine Science},
  volume = {66},
  pages = {1119-1129},
  year = {2009},
  url = {https://doi.org/10.1093/icesjms/fsp009}
}


@article{Camus2019,
  title={Autonomous surface and underwater vehicles reveal new discoveries in the Arctic Ocean},
  author={Camus, L. and Pedersen, G. and Falk-Petersen, S. and Dunlop, K. and Daase, M. and Basedow, S.L. and Bandara, K. and Tverberg, V. and Pederick, J. and Peddie, D. and Langeland, T.},
  journal={OCEANS 2019-Marseille},
  pages={1--8},
  year={2019},
  url={https://doi.org/10.1109/oceanse.2019.8867089}
}

@article{Cervantes2008,
  author = {Cervantes, J. and Li, X. and Yu, W. and Li, K.},
  title = {Support vector machine classification for large data sets via minimum enclosing ball clustering},
  journal = {Neurocomputing},
  volume = {71},
  pages = {611-619},
  year = {2008},
  url = {https://doi.org/10.1016/j.neucom.2007.07.028}
}

@unpublished{Chawarski,
  author = {Chawarski, Jakub and Coté, Dominique and Geoffroy, Maxime},
  title = {Improved precision in target strength and density estimation of mesopelagic fish through detection of anomalous acoustic broadband signals},
  note = {In preparation. Not peer-reviewed.},
}


@article{Chu2005,
  title={Measurements of sound-speed and density contrasts of zooplankton in Antarctic waters},
  author={Chu, D. and Wiebe, P.H.},
  journal={ICES Journal of Marine Science},
  volume={62},
  number={4},
  pages={818--831},
  year={2005},
  url={https://doi.org/10.1016/j.icesjms.2004.12.020}
}

@article{Chu1998,
  author = {Chu, Dezhang and Stanton, Timothy K.},
  title = {Application of pulse compression techniques to broadband acoustic scattering by live individual zooplankton},
  journal = {The Journal of the Acoustical Society of America},
  volume = {104},
  pages = {39-55},
  year = {1998},
  url = {https://doi.org/10.1121/1.424056}
}

@article{Chu1999,
  title={A phase-compensated distorted wave born approximation representation of the bistatic scattering by weakly scattering objects: Application to zooplankton},
  author={Chu, D. and Ye, Z.},
  journal={The Journal of the Acoustical Society of America},
  volume={106},
  number={4},
  pages={1732--1743},
  year={1999},
  url={https://doi.org/10.1016/j.icesjms.2004.12.020}
}

@article{Chu2000,
  author = {Chu, Dezhang and Wiebe, Peter and Copley, Nancy},
  title = {Inference of material properties of zooplankton from acoustic and resistivity measurements},
  journal = {ICES Journal of Marine Science},
  volume = {57},
  pages = {1128-1142},
  year = {2000},
  url = {https://doi.org/10.1006/jmsc.2000.0800}
}

@article{Chu2003,
  title={Material properties of North Atlantic cod eggs and early-stage larvae and their influence on acoustic scattering},
  author={Chu, D. and Wiebe, P.H. and Copley, N.J. and Lawson, G.L. and Puvanendran, V.},
  journal={ICES Journal of Marine Science},
  volume={60},
  number={3},
  pages={508--515},
  year={2003},
  url={https://doi.org/10.1016/s1054-3139(03)00047-x}
}

@article{Clay1991,
  author = {Clay, Clay S.},
  title = {Low-resolution acoustic scattering models: Fluid-filled cylinders and fish with swim bladders},
  journal = {The Journal of the Acoustical Society of America},
  volume = {89},
  number = {5},
  pages = {2168-2179},
  year = {1991},
  url = {https://doi.org/10.1121/1.400910},
}

@article{Clay1992,
  author = {Clay, Clay S.},
  title = {Composite ray‐mode approximations for backscattered sound from gas‐filled cylinders and swimbladders},
  journal = {The Journal of the Acoustical Society of America},
  volume = {92},
  number = {4},
  pages = {2173-2180},
  year = {1992},
  url = {https://doi.org/10.1121/1.405211},
}


@article{Conti2005,
  author = {Conti, Gabriella and Demer, David A. and Brierley, Andrew S.},
  title = {Broad-bandwidth, sound scattering, and absorption from krill ({\emph{Meganyctiphanes norvegica}}), mysids ({\emph{Praunus flexuosus}} and {\emph{Neomysis integer}}), and shrimp ({\emph{Crangon crangon}})},
  journal = {ICES Journal of Marine Science},
  volume = {62},
  pages = {956-965},
  year = {2005},
  url = {https://doi.org/10.1016/j.icesjms.2005.01.024}
}

@article{Cortes1995,
  author = {Cortes, Corinna and Vapnik, Vladimir},
  title = {Support-vector networks},
  journal = {Machine learning},
  volume = {20},
  pages = {273-297},
  year = {1995},
  url = {https://doi.org/10.1007/BF00994018}
}


@article{Cotter2021,
  author = {Cotter, E. and Bassett, C. and Lavery, A.},
  year = {2021},
  title = {Classification of broadband target spectra in the mesopelagic using physics-informed machine learning},
  journal = {The Journal of the Acoustical Society of America},
  volume = {149},
  number = {6},
  pages = {3889--3901},
  url = {https://doi.org/10.1121/10.0005114}
}

@article{DElia2014,
  author = {D'Elia, Martina and Patti, Bernardo and Bonanno, Angelo and Fontana, Ignazio and Giacalone, Giovanni and Basilone, Gualtiero and Fernandes, Paul G.},
  title = {Analysis of backscatter properties and application of classification procedures for the identification of small pelagic fish species in the Central Mediterranean},
  journal = {Fisheries Research},
  volume = {149},
  pages = {33-42},
  year = {2014},
  url = {https://doi.org/10.1016/j.fishres.2013.08.006}
}

@article{Davison2015,
  author = {Davison, P.C. and Koslow, J.A. and Kloser, R.J.},
  year = {2015},
  title = {Acoustic biomass estimation of mesopelagic fish: backscattering from individuals, populations, and communities},
  journal = {ICES Journal of Marine Science},
  volume = {72},
  number = {5},
  pages = {1413--1424},
  url = {https://doi.org/10.1093/icesjms/fsv023}
}

@inproceedings{DeRobertis2012,
  author = {De Robertis, A. and Wilson, C.D. and Williamson, N.J.},
  year = {2012},
  title = {Do silent ships see more fish? Comparison of a noise-reduced and a conventional research vessel in Alaska},
  booktitle = {The Effects of Noise on Aquatic Life},
  pages = {331--334},
  publisher = {Springer},
  address = {New York, NY},
  url = {https://doi.org/10.1007/978-1-4419-7311-5_74}
}

@article{DeRobertis2019,
  author = {De Robertis, A. and Lawrence-Slavas, N. and Jenkins, R. and Wangen, I. and Mordy, C.W. and Meinig, C. and Levine, M. and Peacock, D. and Tabisola, H.},
  year = {2019},
  title = {Long-term measurements of fish backscatter from Saildrone unmanned surface vehicles and comparison with observations from a noise-reduced research vessel},
  journal = {ICES Journal of Marine Science},
  volume = {76},
  number = {7},
  pages = {2459--2470},
  url = {https://doi.org/10.1093/icesjms/fsz124}
}

@article{Demer1995,
  author = {Demer, D.A. and Hewitt, R.P.},
  year = {1995},
  title = {Bias in acoustic biomass estimates of Euphausia superba due to diel vertical migration},
  journal = {Deep Sea Research Part I: Oceanographic Research Papers},
  volume = {42},
  number = {4},
  pages = {455--475},
  url = {https://doi.org/10.1016/0967-0637(94)e0005-c}
}

@inproceedings{Demer2015,
  author = {Demer, D.A. and Berger, L. and Bernasconi, M. and Bethke, E. and Boswell, K. and Chu, D. and Domokos, R. and Dunford, A. and Fassler, S. and Gauthier, S. and Hufnagle, L.T.},
  year = {2015},
  title = {Calibration of acoustic instruments},
  url = {https://doi.org/10.23919/oceans40490.2019.8962778}
}

@article{Demer2017,
  author = {Demer, David A. and Andersen, Lars N. and Bassett, Christopher and Berger, Laurent and Chu, Dezhang and Condiotty, John and Cutter, G. Rebecca and others},
  title = {2016 USA–Norway EK80 Workshop Report: Evaluation of a wideband echosounder for fisheries and marine ecosystem science},
  journal = {ICES Cooperative Research Report},
  number = {336},
  pages = {69},
  year = {2017},
  url = {https://doi.org/10.17895/ices.pub.2318},
}

@article{Dietz1948,
  author = {Dietz, R.S.},
  year = {1948},
  title = {Deep scattering layer in the Pacific and Antarctic Oceans},
  journal = {Journal of marine research},
  volume = {7},
  number = {3},
  pages = {430--442}
}

@article{Dornan2022,
  author = {Dornan, T. and Fielding, S. and Saunders R.A. and Genner, M.J.},
  year = {2022},
  title = {Large mesopelagic fish biomass in the Southern Ocean resolved by acoustic properties},
  journal = {Proceedings of the Royal Society B},
  volume = {289},
  number = {1967},
  pages = {20211781},
  url = {https://doi.org/10.1098/rspb.2021.1781}
}

@article{Dunn2022,
  author = {Dunn, Muriel and Pedersen, Geir and Basedow, Sünnje L. and Daase, Malin and Falk-Petersen, Stig and Bachelot, Loïc and Camus, Lionel and Geoffroy, Maxime},
  title = {Inverse method applied to autonomous broadband hydroacoustic survey detects higher densities of zooplankton in near-surface aggregations than vessel-based net survey},
  journal = {Canadian Journal of Fisheries and Aquatic Sciences},
  year = {2022},
  url = {https://doi.org/10.1139/cjfas-2022-0105}
}

@unpublished{DunnInPrep,
  author = {Dunn, Muriel and McGowan-Yallop, Chelsey and Pedersen, Geig and Falk-Petersen, Stig and Daase, Malin and Last, Kim and Langbehn, Tom J. and Fielding, Sophie and Brierley, Andrew S. and Cottier, Finlo and Basedow, Sünnje L. and Camus, Lionel and Geoffroy, Maxime},
  title = {Model-informed classification of broadband acoustic backscatter from zooplankton in an in situ mesocosm},
  note = {Submitted to this issue.},
}

@article{Dunning2023,
  title={A new in-situ method to estimate fish target strength reveals high variability in broadband measurements},
  author={Dunning, J. and Jansen, T. and Fenwick, A. J. and Fernandes, P. G.},
  journal={Fisheries Research},
  volume={261},
  pages={106611},
  year={2023},
  publisher={Elsevier},
  url={https://doi.org/10.1016/j.fishres.2023.106611}
}

@article{Elizondo2022,
  author = {Elizondo, U.H. and Vogt, M.},
  year = {2022},
  title = {Individual-based modeling of shelled pteropods},
  journal = {Ecological Modelling},
  volume = {468},
  pages = {109944},
  url = {https://doi.org/10.1016/j.ecolmodel.2022.109944}
}

@article{Ehrenberg2000,
  author = {Ehrenberg, J. E. and Torkelson, T. C.},
  title = {FM slide (chirp) signals: a technique for significantly improving the signal-to-noise performance in hydroacoustic assessment systems},
  journal = {Fisheries research},
  volume = {47},
  pages = {193-199},
  year = {2000},
  url = {https://doi.org/10.1016/S0165-7836(00)00169-7}
}

@article{EscobarFlores2019,
  author = {Escobar-Flores, P. C. and Ladroit, Y. and O'Driscoll, R. L.},
  title = {Acoustic assessment of the micronekton community on the Chatham Rise, New Zealand, using a semi-automated approach},
  journal = {Frontiers in Marine Science},
  volume = {6},
  pages = {1-22},
  year = {2019},
  url = {https://doi.org/10.3389/fmars.2019.00507}
}


@article{FalkPetersen1981,
  author = {Falk-Petersen, S. and Gatten, R.R. and Sargent, J.R. and Hopkins, C.C.E.},
  year = {1981},
  title = {Ecological investigations on the zooplankton community in Balsfjorden, Northern Norway: seasonal changes in the lipid class composition of Meganyctiphanes norvegica (M. Sars), Thysanoessa raschii (M. Sars), and T. inermis (Krøyer)},
  journal = {Journal of Experimental Marine Biology and Ecology},
  volume = {54},
  number = {3},
  pages = {209--224},
  url = {https://doi.org/10.1016/0022-0981(81)90158-1}
}

@article{FalkPetersen1985,
  author = {Falk-Petersen, S. and Kristensen, Å.},
  year = {1985},
  title = {Acoustic assessment of krill stocks in Ullsfjorden, north Norway},
  journal = {Sarsia},
  volume = {70},
  number = {1},
  pages = {83--90},
  url = {https://doi.org/10.1080/00364827.1985.10420620}
}

@article{Fernandes2009,
  author = {Fernandes, Paul G.},
  title = {Classification trees for species identification of fish-school echotraces},
  journal = {ICES Journal of Marine Science},
  volume = {66},
  pages = {1073-1080},
  year = {2009},
  url = {https://doi.org/10.1093/icesjms/fsp060}
}

@article{FernandezDelgado2014,
  author = {Fernández-Delgado, M. and Cernadas, E. and Barro, S. and Amorim, D.},
  title = {Do we need hundreds of classifiers to solve real world classification problems?},
  journal = {The Journal of Machine Learning Research},
  volume = {15},
  pages = {3133-3181},
  year = {2014},
  url = {https://dl.acm.org/doi/abs/10.5555/2627435.2697065}
}

@article{Feuillade1998,
  author = {Feuillade, C. and Nero, R.W.},
  year = {1998},
  title = {A viscous-elastic swimbladder model for describing enhanced-frequency resonance scattering from fish},
  journal = {The Journal of the Acoustical Society of America},
  volume = {103},
  number = {6},
  pages = {3245--3255},
  url = {https://doi.org/10.1121/1.423076}
}

@article{Fix1951,
  author = {Fix, E. and Hodges Jr., J.L.},
  title = {Discriminatory Analysis, Nonparametric Discrimination: Consistency properties},
  journal = {International Statistical Review},
  number = {4},
  pages = {261-279},
  year = {1951}
}

@article{Foote1990,
  author = {Foote, Kenneth G. and Everson, Inigo and Watkins, Jon L. and Bone, Douglas G.},
  title = {Target strengths of Antarctic krill ({\emph{Euphausia superba}}) at 38 and 120 kHz},
  journal = {The Journal of the Acoustical Society of America},
  volume = {87},
  pages = {16-24},
  year = {1990},
  url = {https://doi.org/10.1121/1.399282}
}

@article{Foote1983,
  author = {Foote, K.G.},
  year = {1983},
  title = {Linearity of fisheries acoustics, with addition theorems},
  journal = {The Journal of the Acoustical Society of America},
  volume = {73},
  number = {6},
  pages = {1932--1940},
  url = {https://doi.org/10.1121/1.389583}
}

@article{Fossheim2015,
  author = {Fossheim, Maria and Primicerio, Raul and Johannesen, Eldbjørg and Ingvaldsen, Randi B. and Aschan, M. M. and Dolgov, A. V.},
  title = {Recent warming leads to a rapid borealization of fish communities in the Arctic},
  journal = {Nature Climate Change},
  volume = {5},
  number = {7},
  pages = {673-677},
  year = {2015},
  url = {https://doi.org/10.1038/NCLIMATE2647},
}


@article{Friedman2001,
  author = {Friedman, J. H.},
  title = {Greedy function approximation: a gradient boosting machine},
  journal = {Annals of statistics},
  volume = {29},
  pages = {1189-1232},
  year = {2001},
  url = {https://doi.org/10.1214/aos/1013203451}
}

@article{Garcia2007,
  author = {Garcia, E. G.},
  title = {The northern shrimp (\textit{Pandalus borealis}) offshore fishery in the Northeast Atlantic},
  journal = {Advances in marine biology},
  volume = {52},
  pages = {147-266},
  year = {2007},
  url = {https://doi.org/10.1016/S0065-2881(06)52002-4},
}


@article{Gastauer2019,
  author = {Gastauer, S. and Chu, D. and Cox, M.J.},
  year = {2019},
  title = {ZooScatR—An r package for modelling the scattering properties of weak scattering targets using the distorted wave Born approximation},
  journal = {The Journal of the Acoustical Society of America},
  volume = {145},
  number = {1},
  pages = {EL102--EL108},
  url = {https://doi.org/10.1121/1.5085655}
}

@article{Geoffroy2016,
  author = {Geoffroy, Maxime and Majewski, Andrew and LeBlanc, Mathieu and Gauthier, Stéphane and Walkusz, Wojciech and Reist, James D. and Fortier, Louis},
  title = {Vertical segregation of age-0 and age-1+ polar cod ({Boreogadus saida}) over the annual cycle in the Canadian Beaufort Sea},
  journal = {Polar Biology},
  volume = {39},
  pages = {1023-1037},
  year = {2016},
  url = {https://doi.org/10.1007/s00300-015-1811-z},
}

@article{Geoffroy2021,
  author = {Geoffroy, Maxime and Langbehn, Thomas and Priou, Pierre and Varpe, Øystein and Johnsen, Geir and Le Bris, Arnault and Fisher, Jaime A. and Daase, Malin and McKee, David and Cohen, Jonathan and Berge, Jørgen},
  title = {Pelagic organisms avoid white, blue, and red artificial light from scientific instruments},
  journal = {Scientific Reports},
  volume = {11},
  pages = {14941},
  year = {2021},
  url = {https://doi.org/10.1038/s41598-021-94355-6}
}

@article{Geoffroy2023,
  author = {Geoffroy, Maxime and Bouchard, Camille and Flores, Hauke and Robert, Dominique and Gjøsæter, Harald and Hoover, Cara and Hop, Haakon and Hussey, Nigel E. and Nahrgang, Jasmine and Steiner, Nicola and Bender, Michael},
  title = {The circumpolar impacts of climate change and anthropogenic stressors on Arctic cod ({Boreogadus saida}) and its ecosystem},
  journal = {Elementa: Science of the Anthropocene},
  volume = {11},
  number = {1},
  year = {2023},
  url = {https://doi.org/10.1525/elementa.2022.00097},
}

@article{Gjosaeter2020,
  author = {Gjøsæter, H. and Ingvaldsen, R. and Christiansen, J.S.},
  year = {2020},
  title = {Acoustic scattering layers reveal a faunal connection across the Fram Strait},
  journal = {Progress in Oceanography},
  volume = {185},
  pages = {102348},
  url = {https://doi.org/10.1016/j.pocean.2020.102348}
}

@article{Goldberger2004,
  author = {Goldberger, Jacob and Hinton, Geoffrey E. and Roweis, Sam and Salakhutdinov, Ruslan R.},
  title = {Neighbourhood components analysis},
  journal = {Advances in neural information processing systems},
  volume = {17},
  pages = {513-520},
  year = {2004},
  url = {https://proceedings.neurips.cc/paper_files/paper/2004/file/42fe880812925e520249e808937738d2-Paper.pdf}
}

@book{Goodfellow2016,
  author = {Goodfellow, I. and Bengio, Y. and Courville, A. and Bengio, Y.},
  title = {Deep Learning},
  volume = {1},
  publisher = {MIT Press},
  address = {Cambridge},
  year = {2016},
}

@article{Greenlaw1979,
  author = {Greenlaw, C.F.},
  year = {1979},
  title = {Acoustical estimation of zooplankton populations 1},
  journal = {Limnology and Oceanography},
  volume = {24},
  number = {2},
  pages = {226--242},
  url = {https://doi.org/10.4319/lo.1979.24.2.0226}
}

@article{Grimaldo2005,
  author = {Grimaldo, E. and Larsen, R. B.},
  title = {The cosmos grid: A new design for reducing bycatch in the Nordic shrimp fishery},
  journal = {Fisheries research},
  volume = {76},
  number = {2},
  pages = {187-197},
  year = {2005},
  url = {https://doi.org/10.1016/j.fishres.2005.06.010},
}


@article{Gugele2021,
  author = {Gugele, Stefan M. and Widmer, Manuel and Baer, Julian and DeWeber, Jefferson T. and Balk, Heidi and Brinker, Alexander},
  title = {Differentiation of two swim bladdered fish species using next generation wideband hydroacoustics},
  journal = {Scientific reports},
  volume = {11},
  pages = {10520},
  year = {2021},
  url = {https://doi.org/10.1038/s41598-021-89941-7}
}

@article{Handegard2021,
  author = {Handegard, Nils O. and Eikvil, L. and Jenssen, R. and Kampffmeyer, M. and Salberg, A.. and Malde, Ketil},
  title = {Machine Learning+ Marine Science: Critical Role of Partnerships in Norway},
  journal = {Journal of Ocean Technology},
  volume = {16},
  pages = {1-9},
  year = {2021}
}

@article{Handegard2005,
  author = {Handegard, N.O. and Tjøstheim, D.},
  year = {2005},
  title = {When fish meet a trawling vessel: examining the behaviour of gadoids using a free-floating buoy and acoustic split-beam tracking},
  journal = {Canadian Journal of Fisheries and Aquatic Sciences},
  volume = {62},
  number = {10},
  pages = {2409--2422},
  url = {https://doi.org/10.1139/f05-131}
}

@article{Hannah2007,
  author = {Hannah, R. W. and Jones, S. A.},
  title = {Effectiveness of bycatch reduction devices (BRDs) in the ocean shrimp (\textit{Pandalus jordani}) trawl fishery},
  journal = {Fisheries Research},
  volume = {85},
  number = {1-2},
  pages = {217-225},
  year = {2007},
  url = {https://doi.org/10.1016/j.fishres.2006.12.010},
}


@book{Hastie2009,
  author = {Hastie, Trevor and Tibshirani, Robert and Friedman, Jerome H.},
  title = {The elements of statistical learning: data mining, inference, and prediction},
  edition = {2nd},
  publisher = {Springer},
  address = {New York},
  year = {2009},
  pages = {745},
  url = {https://doi.org/10.1007/978-0-387-84858-7}
}

@article{Hetherington2022,
  author = {Hetherington, E.D. and Choy, C.A. and Thuesen, E.V. and Haddock, S.H.},
  year = {2022},
  title = {Three Distinct Views of Deep Pelagic Community Composition Based on Complementary Sampling Approaches},
  journal = {Frontiers in Marine Science},
  volume = {9},
  url = {https://doi.org/10.3389/fmars.2022.864004}
}

@article{Hewitt1996,
  author = {Hewitt, Richard P. and Demer, David A.},
  title = {Lateral target strength of Antarctic krill},
  journal = {ICES Journal of Marine Science},
  volume = {53},
  pages = {297-302},
  year = {1996},
  url = {https://doi.org/10.1006/jmsc.1996.0038}
}

@article{Holliday1977,
  author = {Holliday, D.V.},
  year = {1977},
  title = {Extracting bio-physical information from the acoustic signature of marine organisms},
  booktitle = {Oceanic sound scattering prediction},
  pages = {619--624}
}

@article{Holliday1995,
  author = {Holliday, D.V. and Pieper, R.E.},
  year = {1995},
  title = {Bioacoustical oceanography at high frequencies},
  journal = {ICES Journal of Marine Science},
  volume = {52},
  number = {3-4},
  pages = {279--296},
  url = {https://doi.org/10.1016/1054-3139(95)80044-1}
}

@article{Holst2000,
  author = {Holst, Jens Christian and McDonald, Allen},
  title = {FISH-LIFT: a device for sampling live fish with trawls},
  journal = {Fisheries Research},
  volume = {48},
  number = {1},
  pages = {87-91},
  year = {2000},
  url = {https://doi.org/10.1016/S0165-7836(00)00116-8},
}

@article{Howell1992,
  author = {Howell, W. H. and Langan, R.},
  title = {Discarding of commercial groundfish species in the Gulf of Maine shrimp fishery},
  journal = {North American Journal of Fisheries Management},
  volume = {12},
  number = {3},
  pages = {568-580},
  year = {1992},
  url = {https://doi.org/10.1577/1548-8675(1992)012<0568:DOCGSI>2.3.CO;2},
}

@article{Isaksen1992,
  author = {Isaksen, B. and Valdemarsen, J. W. and Larsen, R. B. and Karlsen, L.},
  title = {Reduction of fish bycatch in shrimp trawl using a rigid separator grid in the aft belly},
  journal = {Fisheries Research},
  volume = {13},
  number = {3},
  pages = {335-352},
  year = {1992},
  url={https://doi.org/10.1016/0165-7836(92)90086-9}
}


@article{Islam2021,
  author = {Islam, Shafiqul R. and Eberle, William and Ghafoor, Salman K. and Ahmed, Musharraf},
  title = {Explainable artificial intelligence approaches: A survey},
  journal = {arXiv},
  year = {2021},
  url = {https://doi.org/10.48550/arXiv.2101.09429},
  note = {Preprint: not peer reviewed}
}

@article{Jacques2022,
  author = {Jacques, N. and Pettersen, H. and Cerbule, K. and Herrmann, B. and Ingólfsson, Ó. A. and Sistiaga, M. and Larsen, R. B. and Brinkhof, J. and Grimaldo, E. and Brčić, J. and Lilleng, D.},
  title = {Bycatch reduction in the deep-water shrimp ({Pandalus borealis}) trawl fishery by increasing codend mesh openness},
  journal = {Canadian Journal of Fisheries and Aquatic Sciences},
  volume = {79},
  number = {2},
  pages = {331-341},
  year = {2022},
  url = {https://doi.org/10.1016/j.jnc.2021.126001}
}

@article{Jech2015,
  author = {Jech, J.M. and Horne, J.K. and Chu, D. and Demer, D.A. and Francis, D.T. and Gorska, N. and Jones, B. and Lavery, A.C. and Stanton, T.K. and Macaulay, G.J. and Reeder, D.B.},
  year = {2015},
  title = {Comparisons among ten models of acoustic backscattering used in aquatic ecosystem research},
  journal = {The Journal of the Acoustical Society of America},
  volume = {138},
  number = {6},
  pages = {3742--3764},
  url = {https://doi.org/10.1121/1.4937607}
}

@article{Kanamori2017,
  author = {Kanamori, Tomohiro and Fujiwara, Shuji and Takeda, Akihiko},
  title = {Breakdown point of robust support vector machines},
  journal = {Entropy},
  volume = {19},
  pages = {83},
  year = {2017},
  url = {https://doi.org/10.3390/e19020083}
}

@article{Kapoor2022,
  author = {Kapoor, Saurabh and Narayanan, Arvind},
  title = {Leakage and the Reproducibility Crisis in ML-based Science},
  journal = {arXiv},
  year = {2022},
  url = {https://doi.org/10.48550/arXiv.2207.07048},
  note = {Preprint: not peer reviewed}
}

@article{Ke2017,
  author = {Ke, Guolin and Meng, Qiwei and Finley, Thomas and Wang, Taifeng and Chen, Wei and Ma, Weidong and Ye, Qiang},
  title = {Lightgbm: A highly efficient gradient boosting decision tree},
  journal = {Advances in neural information processing systems},
  volume = {30},
  year = {2017},
  url = {https://proceedings.neurips.cc/paper_files/paper/2017/file/6449f44a102fde848669bdd9eb6b76fa-Paper.pdf}
}

@article{Kedra2017,
  author = {Kędra, M. and Renaud, P.E. and Andrade, H.},
  year = {2017},
  title = {Epibenthic diversity and productivity on a heavily trawled Barents Sea bank (Tromsøflaket)},
  journal = {Oceanologia},
  volume = {59},
  number = {2},
  pages = {93--101},
  url = {https://doi.org/10.1016/j.oceano.2016.12.001}
}

@article{Kieser1984,
  author = {Kieser, R. and Mulligan, T.J.},
  year = {1984},
  title = {Analysis of echo counting data: a model},
  journal = {Canadian Journal of Fisheries and Aquatic Sciences},
  volume = {41},
  number = {3},
  pages = {451--458},
  url = {https://doi.org/10.1139/f84-054}
}

@article{Khodabandeloo2021,
  author = {Khodabandeloo, B. and Agersted, M.D. and Klevjer, T. and Macaulay, G.J. and Melle, W.},
  year = {2021},
  title = {Estimating target strength and physical characteristics of gas-bearing mesopelagic fish from wideband in situ echoes using a viscous-elastic scattering model},
  journal = {The Journal of the Acoustical Society of America},
  volume = {149},
  number = {1},
  pages = {673--691},
  url = {https://doi.org/10.1121/10.0003341}
}

@article{Knutsen1997,
  author = {Knutsen, Tor and Foote, Kenneth G.},
  title = {Experiences in making acoustic measurements in a mesocosm with Calanus finmarchius},
  journal = {ICES C.M.},
  number = {11},
  pages = {1-19},
  year = {1997}
}

@article{Knutsen2017,
  author = {Knutsen, T. and Wiebe, P.H. and Gjøsæter, H. and Ingvaldsen, R.B. and Lien, G.},
  year = {2017},
  title = {High latitude epipelagic and mesopelagic scattering layers—A reference for future Arctic ecosystem change},
  journal = {Frontiers in Marine Science},
  volume = {4},
  pages = {334},
  url = {https://doi.org/10.3389/fmars.2017.00334}
}

@article{Kogeler1987,
  author = {Kögeler, J.W. and Falk-Petersen, S. and Kristensen, Å. and Pettersen, F. and Dalen, J.},
  year = {1987},
  title = {Density-and sound speed contrasts in sub-Arctic zooplankton},
  journal = {Polar Biology},
  volume = {7},
  number = {4},
  pages = {231--235},
  url = {https://doi.org/10.1007/bf00287419}
}

@article{Kubilius2020,
  title={Remote sizing of fish-like targets using broadband acoustics},
  author={Kubilius, Rokas and Macaulay, Gavin J and Ona, Egil},
  journal={Fisheries Research},
  volume={228},
  pages={105568},
  year={2020},
  publisher={Elsevier},
  url={https://doi.org/10.1016/j.fishres.2022.106585}
}

@inproceedings{Komer2014,
  author = {Komer, Brent and Bergstra, James and Eliasmith, Chris},
  title = {Hyperopt-sklearn: automatic hyperparameter configuration for scikit-learn},
  booktitle = {ICML workshop on AutoML},
  volume = {9},
  pages = {50},
  year = {2014},
  url = {https://doi.org/10.25080/Majora-14bd3278-006}
}

@book{Korneliussen2018,
  editor = {Korneliussen, R. J.},
  title = {Acoustic target classification},
  journal = {ICES Cooperative Research Reports},
  volume = {344},
  pages = {104},
  year = {2018}
}

@article{Korneliussen2003,
  author = {Korneliussen, R. J. and Ona, Eilif},
  title = {Synthetic echograms generated from the relative frequency response},
  journal = {ICES Journal of Marine Science},
  volume = {60},
  pages = {636-640},
  year = {2003},
  url = {https://doi.org/10.1016/S1054-3139(03)00035-3}
}

@article{Lavery2007,
  author = {Lavery, A.C. and Wiebe, P.H. and Stanton, T.K. and Lawson, G.L. and Benfield, M.C. and Copley, N.},
  year = {2007},
  title = {Determining dominant scatterers of sound in mixed zooplankton populations},
  journal = {The Journal of the Acoustical Society of America},
  volume = {122},
  number = {6},
  pages = {3304--3326},
  url = {https://doi.org/10.1121/1.2793613}
}

@article{Lavery2010,
  author = {Lavery, A.C. and Chu, D. and Moum, J.N.},
  year = {2010},
  title = {Measurements of acoustic scattering from zooplankton and oceanic microstructure using a broadband echosounder},
  journal = {ICES Journal of Marine Science},
  volume = {67},
  number = {2},
  pages = {379--394},
  url = {https://doi.org/10.1093/icesjms/fsp242}
}

@article{Lawson2006,
  author = {Lawson, G. L. and Wiebe, P. H. and Ashjian, C. J. and Chu, D. and Stanton, T. K.},
  title = {Improved parametrisation of Antarctic krill target strength models},
  journal = {The Journal of the Acoustical Society of America},
  volume = {119},
  pages = {232-242},
  year = {2006},
  url = {https://doi.org/10.1121/1.2141229}
}

@article{Lee2021,
  author = {Lee, W.J. and Staneva, V. and Mayorga, E. and Nguyen, K. and Satiewan, L. and Majeed, I.},
  year = {2021},
  title = {Echopype: Enhancing the interoperability and scalability of ocean sonar data processing},
  journal = {The Journal of the Acoustical Society of America},
  volume = {149},
  number = {4},
  pages = {A63-A63},
  url = {https://doi.org/10.1121/10.0004522}
}

@inproceedings{Legua2017,
  author = {Legua, Juan A. and Lillo, Santiago D.},
  title = {Target strength ex situ of sprattus fuegensis in chilean fjords},
  booktitle = {2017 IEEE/OES Acoustics in Underwater Geosciences Symposium (RIO Acoustics)},
  pages = {1-5},
  year = {2017},
  url = {https://doi.org/10.1109/RIOAcoustics.2017.8349735}
}

@article{Loranger2022,
  author = {Loranger, S. and Jech, J. Michael and Lavery, Andone C.},
  title = {Broadband acoustic quantification of mixed biological aggregations at the New England shelf break},
  journal = {The Journal of the Acoustical Society of America},
  volume = {152},
  number = {4},
  pages = {2319-2335},
  year = {2022},
  url = {https://doi.org/10.1121/10.0014910},
}

@article{Love1975,
  author = {Love, R.H.},
  year = {1975},
  title = {Predictions of volume scattering strengths from biological trawl data},
  journal = {The Journal of the Acoustical Society of America},
  volume = {57},
  number = {2},
  pages = {300--306},
  url = {https://doi.org/10.1121/1.380460}
}

@article{Liu2005,
  author = {Liu, L.G. and Chen, C.C. and Lin, C.C. and Yang, Y.J.},
  year = {2005},
  title = {Elasticity of single-crystal aragonite by Brillouin spectroscopy},
  journal = {Physics and Chemistry of Minerals},
  volume = {32},
  number = {2},
  pages = {97--102},
  url = {https://doi.org/10.1007/s00269-005-0454-y}
}

@article{Lloyd1982,
  author = {Lloyd, S.},
  year = {1982},
  title = {Least squares quantisation in PCM},
  journal = {IEEE Transactions on Information Theory},
  volume = {28},
  number = {2},
  pages = {129--137},
  url = {https://doi.org/10.1109/tit.1982.1056489}
}

@article{Ludvigsen2018,
  author = {Ludvigsen, Martin and Berge, Jørgen and Geoffroy, Maxime and Cohen, Jonathan C. and De La Torre, Pedro R. and Nornes, Stein M. and Singh, Hanumant and Sørensen, Asgeir J. and Daase, Malin and Johnsen, Geir},
  title = {Use of an Autonomous Surface Vehicle reveals small-scale diel vertical migrations of zooplankton and susceptibility to light pollution under low solar irradiance},
  journal = {Science Advances},
  volume = {4},
  pages = {1-9},
  year = {2018},
  url = {https://doi.org/10.1126/sciadv.aap9887}
}

@article{Malde2020,
  author = {Malde, Ketil and Handegard, Nils O. and Eikvil, Line and Salberg, Arnt-Børre},
  title = {Machine intelligence and the data-driven future of marine science},
  journal = {ICES Journal of Marine Science},
  volume = {77},
  pages = {1274-1285},
  year = {2020},
  url = {https://doi.org/10.1093/icesjms/fsz057}
}

@article{Martin1996,
  author = {Martin, Lee V. and Stanton, Timothy K. and Wiebe, Peter H. and Lynch, James F.},
  title = {Acoustic classification of zooplankton},
  journal = {ICES Journal of Marine Science},
  volume = {53},
  pages = {217-224},
  year = {1996},
  url = {https://doi.org/10.1006/jmsc.1996.0025}
}

@article{McGehee1998,
  author = {McGehee, D. E. and O'Driscoll, R. L. and Traykovski, L. M.},
  title = {Effects of orientation on acoustic scattering from Antarctic krill at 120 kHz},
  journal = {Deep Sea Research Part II: Topical Studies in Oceanography},
  volume = {45},
  pages = {1273-1294},
  year = {1998},
  url = {https://doi.org/10.1016/S0967-0645(98)00036-8}
}

@book{Medwin1998,
  author = {Medwin, Herman and Clay, Clay S.},
  title = {Fundamentals of Acoustical Oceanography},
  publisher = {Academic Press},
  address = {Boston},
  year = {1998},
  pages = {739},
  url = {https://doi.org/10.1016/B978-0-12-487570-8.50016-7},
}

@article{Monger1998,
  author = {Monger, Brad C. and Meir, Eli and Billings, Sandra and Greene, Charles H. and Wiebe, Peter H.},
  title = {Sound scattering by the gelatinous zooplankters Aequorea victoria and Pleurobrachia bachei},
  journal = {Deep Sea Research Part II: Topical Studies in Oceanography},
  volume = {45},
  pages = {1255-1271},
  year = {1998},
  url = {https://doi.org/10.1016/S0967-0645(98)00029-0}
}

@article{Morato2020,
  author = {Morato, Telmo and González‐Irusta, José M. and Dominguez‐Carrió, Carlos and Wei, Chih‐Lin and Davies, Andrew and Sweetman, Andrew K. and Taranto, Gerald H. and Beazley, Lindsay and García‐Alegre, Ana and Grehan, Anthony and Laffargue, Pascal},
  title = {Climate‐induced changes in the suitable habitat of cold‐water corals and commercially important deep‐sea fishes in the North Atlantic},
  journal = {Global Change Biology},
  volume = {26},
  number = {4},
  pages = {2181-2202},
  year = {2020},
  url = {https://doi.org/10.1111/gcb.14996},
}

@article{Mordy2017,
  author = {Mordy, C.W. and Cokelet, E.D. and De Robertis, A. and Jenkins, R. and Kuhn, C.E. and Lawrence-Slavas, N. and Berchok, C.L. and Crance, J.L. and Sterling, J.T. and Cross, J.N. and Stabeno, P.J.},
  year = {2017},
  title = {Advances in ecosystem research: Saildrone surveys of oceanography, fish, and marine mammals in the Bering Sea},
  journal = {Oceanography},
  volume = {30},
  number = {2},
  pages = {113--115},
  url = {https://doi.org/10.5670/oceanog.2017.230}
}

@article{Morley2018,
  author = {Morley, James W. and Selden, Rebecca L. and Latour, Robert J. and Frölicher, Thomas L. and Seagraves, Rachel J. and Pinsky, Malin L.},
  title = {Projecting shifts in thermal habitat for 686 species on the North American continental shelf},
  journal = {PloS one},
  volume = {13},
  number = {5},
  pages = {e0196127},
  year = {2018},
  url = {https://doi.org/10.1371/journal.pone.0196127},
}

@article{Moriarty2018,
  author = {Moriarty, M. and Sell, A.F. and Trenkel, V.M. and Lynam, C.P. and Burns, F. and Clarke, E.D. and Greenstreet, S.P.R. and McGonigle, C.},
  year = {2018},
  title = {Resolution of biodiversity and assemblage structure in demersal fisheries surveys: the role of tow duration},
  journal = {ICES Journal of Marine Science},
  volume = {75},
  number = {5},
  pages = {1672--1681},
  url = {https://doi.org/10.1093/icesjms/fsy050}
}

@article{Ohman2019,
  author = {Ohman, M.D. and Davis, R.E. and Sherman, J.T. and Grindley, K.R. and Whitmore, B.M. and Nickels, C.F. and Ellen, J.S.},
  year = {2019},
  title = {Zooglider: an autonomous vehicle for optical and acoustic sensing of zooplankton},
  journal = {Limnology and Oceanography: Methods},
  volume = {17},
  number = {1},
  pages = {69--86},
  url = {https://doi.org/10.1002/lom3.10301}
}

@article{Olsen2010,
  author = {Olsen, E. and Aanes, S. and Mehl, S. and Holst, J.C. and Aglen, A. and Gjøsæter, H.},
  year = {2010},
  title = {Cod, haddock, saithe, herring, and capelin in the Barents Sea and adjacent waters: a review of the biological value of the area},
  journal = {ICES Journal of Marine Science},
  volume = {67},
  number = {1},
  pages = {87--101},
  url = {https://doi.org/10.1093/icesjms/fsp229}
}

@article{Pearcy1983,
  author = {Pearcy, W.G. and Greenlaw, C.F. and Pommeranz, T.},
  year = {1983},
  title = {Assessment of euphausiids with five nets and a 120-kHz echosounder in fjords of northern Norway},
  journal = {Biological Oceanography},
  volume = {2},
  number = {2-4},
  pages = {151--177},
  url = {https://doi.org/10.1080/00364827.1968.10411128}
}

@article{Pauly1998,
  author = {Pauly, T. and Penrose, J. D.},
  title = {Laboratory target strength measurements of free-swimming Antarctic krill (Euphausia superba)},
  journal = {The Journal of the Acoustical Society of America},
  volume = {103},
  pages = {3268-3280},
  year = {1998},
  url = {https://doi.org/10.1121/1.423077}
}

@inproceedings{Pedersen2019,
  author = {Pedersen, G. and Falk-Petersen, S. and Dunlop, K. and Camus, L. and Daase, M. and Basedow, S.L. and Bandara, K. and Tverberg, V. and Pederick, J. and Peddie, D.},
  year = {2019},
  month = {June},
  title = {Autonomous surface vehicles for persistent acoustic monitoring of zooplankton in a highly productive shelf area},
  booktitle = {OCEANS 2019-Marseille},
  pages = {1--7},
  organization = {IEEE},
  url = {https://doi.org/10.1109/oceanse.2019.8867089}
}

@article{Pedregosa2011,
  author = {Pedregosa, F. and Varoquaux, G. and Gramfort, A. and Michel, V. and Thirion, B. and Grisel, O. and Blondel, M. and et al.},
  title = {Scikit-learn: Machine learning in Python},
  journal = {The Journal of Machine Learning Research},
  volume = {12},
  pages = {2825-2830},
  year = {2011},
  url = {https://doi.org/10.5555/1953048.2078195}
}

@article{Pena2018,
  author = {Peña, M.},
  title = {Robust clustering methodology for multifrequency acoustic data: A review of standardisation, initialisation and cluster geometry},
  journal = {Fisheries Research},
  volume = {200},
  pages = {49-60},
  year = {2018},
  url = {https://doi.org/10.1016/j.fishres.2017.12.013}
}

@article{Pena2019,
  author = {Peña, M.},
  year = {2019},
  title = {Mesopelagic fish avoidance from the vessel dynamic positioning system},
  journal = {ICES Journal of Marine Science},
  volume = {76},
  number = {3},
  pages = {734--742},
  url = {https://doi.org/10.1093/icesjms/fsy157}
}

@article{Proud2015,
  author = {Proud, R. and Cox, M.J. and Wotherspoon, S. and Brierley, A.S.},
  year = {2015},
  title = {A method for identifying sound scattering layers and extracting key characteristics},
  journal = {Methods in Ecology and Evolution},
  volume = {6},
  number = {10},
  pages = {1190--1198},
  url = {https://doi.org/10.1111/2041-210x.12396}
}

@article{Proud2018,
  author = {Proud, R. and Cox, M.J. and Le Guen, C. and Brierley, A.S.},
  year = {2018},
  title = {Fine-scale depth structure of pelagic communities throughout the global ocean based on acoustic sound scattering layers},
  journal = {Marine Ecology Progress Series},
  volume = {598},
  pages = {35--48},
  url = {https://doi.org/10.3354/meps12612}
}

@article{Proud2020,
  title={Automated classification of schools of the silver cyprinid Rastrineobola argentea in Lake Victoria acoustic survey data using random forests},
  author={Proud, Roland and Mangeni-Sande, Richard and Kayanda, Robert J and Cox, Martin J and Nyamweya, Chrisphine and Ongore, Collins and Natugonza, Vianny and Everson, Inigo and Elison, Mboni and Hobbs, Laura and others},
  journal={ICES Journal of Marine Science},
  volume={77},
  number={4},
  pages={1379--1390},
  year={2020},
  publisher={Oxford University Press},
  url = {https://doi.org/10.1093/icesjms/fsaa052}
}

@article{Reeder2004,
  author = {Reeder, D. B. and Jech, J. M. and Stanton, T. K.},
  title = {Broadband acoustic backscatter and high-resolution morphology of fish: Measurement and modeling},
  journal = {The Journal of the Acoustical Society of America},
  volume = {116},
  number = {2},
  pages = {747-761},
  year = {2004},
  url = {https://doi.org/10.1121/1.1648318},
}

@article{Roa2022,
  title={Taxonomical classification of reef fish with broadband backscattering models and machine learning approaches},
  author={Roa, C. and Pedersen, G. and Bollinger, M. and Taylor, C. and Boswell, K. M.},
  journal={The Journal of the Acoustical Society of America},
  volume={152},
  number={2},
  pages={1020--1034},
  year={2022},
  publisher={AIP Publishing},
  url={https://doi.org/10.1121/10.0012192}
}

@article{Reiss2021,
  author = {Reiss, C.S. and Cossio, A.M. and Walsh, J. and Cutter, G.R. and Watters, G.M.},
  year = {2021},
  title = {Glider-Based estimates of meso-zooplankton biomass density: a fisheries case study on antarctic krill (Euphausia superba) around the northern antarctic peninsula},
  journal = {Frontiers in Marine Science},
  volume = {8},
  pages = {256},
  url = {https://doi.org/10.3389/fmars.2021.604043}
}

@article{Roberts2011,
  author = {Roberts, Paul L. and Jaffe, Jules S. and Trivedi, Mandar M.},
  title = {Multiview, broadband acoustic classification of marine fish: a machine learning framework and comparative analysis},
  journal = {IEEE Journal of Oceanic Engineering},
  volume = {36},
  pages = {90-},
  year = {2011},
  url = {https://doi.org/10.1109/JOE.2010.2101235}
}

@article{Roberts2008,
  author = {Roberts, Paul L. and Jaffe, Jules S.},
  title = {Classification of live, untethered zooplankton from observations of multiple-angle acoustic scatter},
  journal = {The Journal of the Acoustical Society of America},
  volume = {124},
  pages = {796-802},
  year = {2008},
  url = {https://doi.org/10.1121/1.2945114}
}

@article{Rogers2015,
  author = {Rogers, A. D.},
  year = {2015},
  title = {Environmental change in the Deep Ocean},
  journal = {Annual Review of Environment and Resources},
  volume = {40},
  number = {1},
  pages = {1--38},
  url = {https://doi.org/10.1146/annurev-environ-102014-021415}
}

@article{Ross2013,
  title={On the use of high-frequency broadband sonar to classify biological scattering layers from a cabled observatory in Saanich Inlet, British Columbia},
  author={Ross, T. and Keister, J. E. and Lara-Lopez, A.},
  journal={Methods in Oceanography},
  volume={5},
  pages={19--38},
  year={2013},
  publisher={Elsevier},
  url = {https://doi.org/10.1016/j.mio.2013.05.001}
}

@mastersthesis{SantanaHernandez2019,
  author = {Santana Hernández, N.},
  year = {2019},
  title = {A patch of Calanus finmarchicus in the Lofoten-Vesterålen Region. Characteristics and determining factors},
  school = {UiT Norges arktiske universitet},
}

@article{Sakinan2019,
  author = {Sakinan, S. and Lawson, G. L. and Wiebe, P. H. and Chu, D. and Copley, N. J.},
  title = {Accounting for seasonal and composition‐related variability in acoustic material properties in estimating copepod and krill target strength},
  journal = {Limnology and Oceanography: Methods},
  volume = {17},
  number = {11},
  pages = {607-625},
  year = {2019},
  url = {https://doi.org/10.1002/lom3.10336}
}

@article{Simmonds1996,
  author = {Simmonds, E. J. and Armstrong, F. and Copland, P. J.},
  title = {Species identification using wideband backscatter with neural network and discriminant analysis},
  journal = {ICES Journal of Marine Science},
  volume = {53},
  pages = {189-195},
  year = {1996},
  url = {https://doi.org/10.1006/jmsc.1996.0021}
}

@book{Simmonds2008,
  author = {Simmonds, J. and MacLennan, D.N.},
  year = {2008},
  title = {Fisheries acoustics: theory and practice},
  publisher = {John Wiley \& Sons},
  url = {https://doi.org/10.1002/9780470995303},
}

@article{Skjoldal2013,
  author = {Skjoldal, H.R. and Wiebe, P.H. and Postel, L. and Knutsen, T. and Kaartvedt, S. and Sameoto, D.D.},
  year = {2013},
  title = {Intercomparison of zooplankton (net) sampling systems: Results from the ICES/GLOBEC sea-going workshop},
  journal = {Progress in Oceanography},
  volume = {108},
  pages = {1--42},
  url = {https://doi.org/10.1016/j.pocean.2012.10.006},
}

@article{Sobradillo2019,
  author = {Sobradillo, Borja and Boyra, Guillermo and Martinez, Unai and Carrera, Pilar and Peña, Myriam and Irigoien, Xabier},
  title = {Target Strength and swimbladder morphology of Mueller's pearlside (Maurolicus muelleri)},
  journal = {Scientific Reports},
  volume = {9},
  pages = {1-14},
  year = {2019},
  url = {https://doi.org/10.1038/s41598-019-53819-6}
}

@article{Soule1997,
  author = {Soule, M. and Barange, M. and Solli, H. and Hampton, I.},
  title = {Performance of a new phase algorithm for discriminating between single and overlapping echoes in a split-beam echosounder},
  journal = {ICES Journal of Marine Science},
  volume = {54},
  pages = {934-938},
  year = {1997},
  url = {https://doi.org/10.1006/jmsc.1997.0270}
}


@article{Solvang2021,
  author = {Solvang, H.K. and Haug, T. and Knutsen, T. and Gjøsæter, H. and Bogstad, B. and Hartvedt, S. and Øien, N. and Lindstrøm, U.},
  year = {2021},
  title = {Distribution of rorquals and Atlantic cod in relation to their prey in the Norwegian high Arctic},
  journal = {Polar Biology},
  volume = {44},
  number = {4},
  pages = {761--782},
  url = {https://doi.org/10.1007/s00300-021-02835-2},
}

@article{Stanton1996,
  author = {Stanton, T. K. and Chu, D. and Wiebe, P. H.},
  title = {Acoustic scattering characteristics of several zooplankton groups},
  journal = {ICES Journal of Marine Science},
  volume = {53},
  pages = {289–295},
  year = {1996},
  url = {https://doi.org/10.1006/jmsc.1996.0037},
}

@article{Stanton2000b,
  author = {Stanton, Timothy K. and Chu, Dezhang},
  title = {Review and recommendations for the modelling of acoustic scattering by fluid-like elongated zooplankton: Euphausiids and copepods},
  journal = {ICES Journal of Marine Science},
  volume = {57},
  pages = {793-807},
  year = {2000},
  url = {https://doi.org/10.1006/jmsc.1999.0517}
}

@article{Stanton2000a,
  author = {Stanton, T.K. and Chu, D. and Wiebe, P.H. and Eastwood, R.L. and Warren, J.D.},
  year = {2000},
  title = {Acoustic scattering by benthic and planktonic shelled animals},
  journal = {The Journal of the Acoustical Society of America},
  volume = {108},
  number = {2},
  pages = {535--550},
  url = {https://doi.org/10.1121/1.429584},
}

@article{Stanton1998,
  author = {Stanton, Timothy K. and Chu, Dezhang and Wiebe, Peter H. and Martin, Lee V. and Eastwood, Robert L.},
  title = {Sound scattering by several zooplankton groups. I. Experimental determination of dominant scattering mechanisms},
  journal = {The Journal of the Acoustical Society of America},
  volume = {103},
  pages = {225-235},
  year = {1998},
  url = {https://doi.org/10.1121/1.421469}
}

@article{Stone1974,
  author = {Stone, M.},
  title = {Cross‐validatory choice and assessment of statistical predictions},
  journal = {Journal of the Royal Statistical Society: Series B (Methodological)},
  volume = {36},
  pages = {111-133},
  year = {1974},
  url = {https://doi.org/10.1111/j.2517-6161.1974.tb00994.x}
}

@article{Trenkel2011,
  author = {Trenkel, Verena M. and Ressler, Patrick H. and Jech, Marion and Giannoulaki, Marianthi and Taylor, Chloe},
  title = {Underwater acoustics for ecosystem-based management: state of the science and proposals for ecosystem indicators},
  journal = {Marine Ecology Progress Series},
  volume = {442},
  pages = {285-301},
  year = {2011},
  url = {https://doi.org/10.3354/meps09425}
}

@article{Trenkel2019,
  author = {Trenkel, V. M. and Vaz, S. and Albouy, C. and Amour, A. B. and Duhamel, E. and Laffargue, P. and Romagnan, J. B. and Simon, J. and Lorance, P.},
  title = {We can reduce the impact of scientific trawling on marine ecosystems},
  journal = {Marine Ecology Progress Series},
  volume = {609},
  pages = {277-282},
  year = {2019},
  url = {https://doi.org/10.3354/meps12834},
}

@article{Trevorrow2005,
  author = {Trevorrow, M.V. and Mackas, D.L. and Benfield, M.C.},
  year = {2005},
  title = {Comparison of multifrequency acoustic and in situ measurements of zooplankton abundances in Knight Inlet, British Columbia},
  journal = {The Journal of the Acoustical Society of America},
  volume = {117},
  number = {6},
  pages = {3574--3588},
  url = {https://doi.org/10.1121/1.1920087},
}

@article{Trudnowska2016,
  author = {Trudnowska, E. and Gluchowska, M. and Beszczynska-Möller, A. and Blachowiak-Samolyk, K. and Kwasniewski, S.},
  year = {2016},
  title = {Plankton patchiness in the Polar Front region of the West Spitsbergen Shelf},
  journal = {Marine Ecology Progress Series},
  volume = {560},
  pages = {1--18},
  url = {https://doi.org/10.3354/meps11925},
}

@article{Varma2006,
author = {Varma, S. and Simon, R.},
title = {Bias in error estimation when using cross-validation for model selection},
journal = {BMC Bioinformatics},
volume = {7},
number = {91},
pages = {1-8},
year = {2006},
url = {https://doi.org/10.1186/1471-2105-7-91}
}

@article{Verfuss2019,
  author = {Verfuss, U.K. and Aniceto, A.S. and Harris, D.V. and Gillespie, D. and Fielding, S. and Jiménez, G. and Johnston, P. and Sinclair, R.R. and Sivertsen, A. and Solbø, S.A. and Storvold, R.},
  year = {2019},
  title = {A review of unmanned vehicles for the detection and monitoring of marine fauna},
  journal = {Marine Pollution Bulletin},
  volume = {140},
  pages = {17--29},
  url = {https://doi.org/10.1016/j.marpolbul.2019.01.009},
}

@article{Wainer2021,
author = {Wainer, Jacob and Cawley, Gavin},
title = {Nested cross-validation when selecting classifiers is overzealous for most practical applications},
journal = {Expert Systems with Applications},
volume = {182},
pages = {115222},
year = {2021},
url = {https://doi.org/10.1016/j.eswa.2021.115222}
}

@techreport{Walkusz2020,
  author = {Walkusz, W. and Atchison, S. and Hedges, K. and Deslauriers, D.},
  title = {Assessment of potential impacts of bycatch mortality on the Arctic Cod (\textit{Boreogadus saida}) populations from the Northern (Pandalus borealis) and Striped (\textit{Pandalus montagui}) Shrimp fisheries in Shrimp Fishing Areas 1, 2, and 3},
  institution = {Canadian Science Advisory Secretariat (CSAS)},
  year = {2020},
}

@article{Wiebe1982,
  author = {Wiebe, P.H. and Boyd, S.H. and Davis, B.M. and Cox, J.L.},
  year = {1982},
  title = {Avoidance of towed nets by the euphausiid Nematoscelis megalops [Fish behavior]},
  journal = {Fishery Bulletin-United States, National Marine Fisheries Service},
}

@article{Wiebe2010,
author = {Wiebe, P. H. and Chu, D. and Kaartvedt, S. and Hundt, A. and Melle, W. and Ona, E. and Batta-Lona, P.},
title = {The acoustic properties of \textit{Salpa thompsoni}},
journal = {ICES Journal of Marine Science},
volume = {67},
pages = {583-593},
year = {2010},
url = {https://doi.org/10.1093/icesjms/fsp263}
}

@article{Warren2003,
  author = {Warren, J.D. and Stanton, T.K. and Wiebe, P.H. and Seim, H.E.},
  year = {2003},
  title = {Inference of biological and physical parameters in an internal wave using multiple-frequency, acoustic-scattering data},
  journal = {ICES Journal of Marine Science},
  volume = {60},
  number = {5},
  pages = {1033--1046},
  url = {https://doi.org/10.1016/s1054-3139(03)00121-8},
}

@article{Whitmore2019,
  author = {Whitmore, B.M. and Nickels, C.F. and Ohman, M.D.},
  year = {2019},
  title = {A comparison between Zooglider and shipboard net and acoustic mesozooplankton sensing systems},
  journal = {Journal of Plankton Research},
  volume = {41},
  number = {4},
  pages = {521--533},
  url = {https://doi.org/10.1093/plankt/fbz033},
}

@article{Zhang2017,
  author = {Zhang, C. and Liu, C. and Zhang, Xiaohui and Almpanidis, G.},
  title = {An up-to-date comparison of state-of-the-art classification algorithms},
  journal = {Expert Systems with Applications},
  volume = {82},
  pages = {128-150},
  year = {2017},
  url = {https://doi.org/10.1016/j.eswa.2017.04.003}
}

@article{Zhang2021,
  author = {Zhang, J. and Zhang, K. and Chen, Z. and Dong, J. and Qiu, Y.},
  title = {Hydroacoustic studies on Katsuwonus pelamis and juvenile Thunnus albacares associated with light fish-aggregating devices in the South China Sea},
  journal = {Fisheries Research},
  volume = {233},
  pages = {105765},
  year = {2021},
  url = {https://doi.org/10.1016/j.fishres.2020.105765}
}
